<record><leader>00000cas a22000007a 4500</leader><controlfield tag="001">11875506</controlfield><controlfield tag="008">850402d19401950utuwr ne      0    0eng d</controlfield><datafield ind1=" " ind2=" " tag="010"><subfield code="a">sn 85058094 </subfield></datafield><datafield ind1=" " ind2=" " tag="040"><subfield code="a">UNP</subfield><subfield code="b">eng</subfield><subfield code="c">UNP</subfield><subfield code="d">OCLCQ</subfield></datafield><datafield ind1=" " ind2=" " tag="042"><subfield code="a">msc</subfield></datafield><datafield ind1="0" ind2="4" tag="245"><subfield code="a">The Layton journal.</subfield></datafield><datafield ind1=" " ind2=" " tag="260"><subfield code="a">Layton, Utah :</subfield><subfield code="b">J. Stahle, Jr.,</subfield><subfield code="c">-1950.</subfield></datafield><datafield ind1=" " ind2=" " tag="300"><subfield code="a">v. :</subfield><subfield code="b">ill.</subfield></datafield><datafield ind1=" " ind2=" " tag="310"><subfield code="a">Weekly</subfield></datafield><datafield ind1="1" ind2=" " tag="362"><subfield code="a">Began in 1940?</subfield></datafield><datafield ind1="0" ind2=" " tag="362"><subfield code="a">-v. 22, no. 17 (Feb. 16, 1950).</subfield></datafield><datafield ind1=" " ind2=" " tag="588"><subfield code="a">Description based on: Vol. 15, no. 19 (Jan. 18, 1940).</subfield></datafield><datafield ind1=" " ind2=" " tag="752"><subfield code="a">United States</subfield><subfield code="b">Utah</subfield><subfield code="c">Davis</subfield><subfield code="d">Layton.</subfield></datafield><datafield ind1="0" ind2="0" tag="780"><subfield code="t">Weekly news-express</subfield><subfield code="w">(DLC)sn 85058093</subfield><subfield code="w">(OCoLC)11875468</subfield></datafield><datafield ind1="0" ind2="0" tag="785"><subfield code="t">Journal (Layton, Utah)</subfield><subfield code="w">(DLC)sn 85058095</subfield><subfield code="w">(OCoLC)11875550</subfield></datafield></record>